@INCOLLECTION{axelrod08,
author = {Ramon Axelrod},
title = {{Navigation Graph Generation in Highly Dynamic Worlds}},
booktitle = {AI Game Programming Wisdom 4},
publisher = {Charles River Media},
year = {2008},
editor = {Steve Rabin},
pages = {125--141}
}

@INCOLLECTION{demyen08,
author = {Doug Demyen and Michael Buro},
title = {{Fast Pathfinding Based on Triangulation Abstractions}},
booktitle = {AI Game Programming Wisdom 4},
publisher = {Charles River Media},
year = {2008},
editor = {Steve Rabin},
pages = {143--157}
}

@INCOLLECTION{farnstrom06,
author = {Fredrik Farnstrom},
title = {{Improving on Near-Optimality: More Techniques for Building Navigation Meshes}},
booktitle = {AI Game Programming Wisdom 3},
publisher = {Charles River Media},
year = {2006},
editor = {Steve Rabin},
pages = {113--128}
}

@INPROCEEDINGS{geraerts10,
author = {Roland Geraerts},
title = {{Planning Short Paths with Clearance using Explicit Corridors}},
booktitle = {Proceedings of the IEEE International Conference on Robotics and Automation},
month = {May},
year = {2010},
pages = {1997--2004},
address = {Anchorage, Alaska, USA}
}

@INPROCEEDINGS{hale09,
author = {D Hunter Hale and G Michael Youngblood},
title = {{Full 3D Spatial Decomposition for the Generation of Navigation Meshes}},
booktitle = {Proceedings of the Fifth Artificial Intelligence for Interactive Digital Entertainment Conference},
year = {2009},
pages = {142--147}
}

@INCOLLECTION{hale11,
author = {D Hunter Hale and G Michael Youngblood},
title = {{Automated Navigation Mesh Generation Using Advanced Growth-Based Techniques}},
booktitle = {Game Programming Gems 8},
publisher = {Charles River Media},
year = {2011},
editor = {Adam Lake},
pages = {244--255}
}

@UNPUBLISHED{hamlin08,
author = {James F Hamlin},
title = {{Automatically Generated Maps of 3D Environments}},
note = {{Final project for CS294-10 Visualization course (University of California, Berkeley)}},
year = {2008}
}

@INCOLLECTION{hamm08,
author = {David Hamm},
title = {{Navigation Mesh Generation: An Empirical Approach}},
booktitle = {AI Game Programming Wisdom 4},
publisher = {Charles River Media},
year = {2008},
editor = {Steve Rabin},
pages = {113--123}
}

@ARTICLE{haumont03,
author = {D Haumout and O Debeir and F Sillion},
title = {{Volumetric cell-and-portal generation}},
journal = {Eurographics},
volume = {22},
number = {3},
year = {2003}
}

@INCOLLECTION{johnson06,
author = {Geraint Johnson},
title = {{Smoothing a Navigation Mesh Path}},
booktitle = {AI Game Programming Wisdom 3},
publisher = {Charles River Media},
year = {2006},
editor = {Steve Rabin},
pages = {129--139}
}

@INPROCEEDINGS{kallmann10,
author = {Marcelo Kallmann},
title = {{Navigation Queries from Triangular Meshes}},
booktitle = {Proceedings of the Third International Conference on Motion in Games (MIG)},
year = {2010},
pages = {230--241},
publisher = {Springer-Verlag Berlin}
}

@TECHREPORT{lefebvre03,
author = {Sylvain Lefebvre and Samuel Hornus},
title = {{Automatic cell-and-portal decomposition}},
institution = {INRIA},
year = {2003},
number = {4898}
}

@INPROCEEDINGS{lerner03,
author = {Alon Lerner and Yiorgos Chrysanthou and Daniel Cohen-Or},
title = {{Breaking the Walls: Scene Partitioning and Portal Creation}},
booktitle = {Proceedings of the 11th Pacific Conference on Computer Graphics and Applications},
year = {2003},
pages = {303--312}
}

@INCOLLECTION{lewin11,
author = {Michael Lewin},
title = {{Curved Paths for Seamless Character Animation}},
booktitle = {Game Programming Gems 8},
publisher = {Charles River Media},
year = {2011},
editor = {Adam Lake},
pages = {132--140}
}

@INCOLLECTION{marden08,
author = {Paul Marden and Forrest Smith},
title = {{Dynamically Updating a Navigation Mesh via Efficient Polygon Subdivision}},
booktitle = {AI Game Programming Wisdom 4},
publisher = {Charles River Media},
year = {2008},
editor = {Steve Rabin},
pages = {83--94}
}

@INCOLLECTION{mcanlis08,
author = {Colt McAnlis and James Stewart},
title = {{Intrinsic Detail in Navigation Mesh Generation}},
booktitle = {AI Game Programming Wisdom 4},
publisher = {Charles River Media},
year = {2008},
editor = {Steve Rabin},
pages = {95--112}
}

@INPROCEEDINGS{oliva11,
author = {Ramon Oliva and Nuria Pelechano},
title = {{Automatic Generation of Suboptimal NavMeshes}},
booktitle = {Proceedings of the 4th International Conference on Motion in Games (MIG)},
year = {2011},
pages = {328--339},
publisher = {Springer-Verlag Berlin}
}

@INPROCEEDINGS{pettre05,
author = {Julien Pettr\'e and Jean-Paul Laumond and Daniel Thalmann},
title = {{A navigation graph for real-time crowd animation on multilayered and uneven terrain}},
booktitle = {Proceedings of the 1st International Workshop on Crowd Simulation},
year = {2005},
address = {Lausanne, Switzerland}
}

@INCOLLECTION{pfeifer05,
author = {Borut Pfeifer},
title = {{Automatic Cover Finding with Navigation Meshes}},
booktitle = {Game Programming Gems 5},
publisher = {Charles River Media},
year = {2005},
editor = {Kim Pallister},
pages = {299--305}
}

@INCOLLECTION{ratcliff08,
author = {John W Ratcliff},
title = {{Automatic Path Node Generation for Arbitrary 3D Environments}},
booktitle = {AI Game Programming Wisdom 4},
publisher = {Charles River Media},
year = {2008},
editor = {Steve Rabin},
pages = {159--172}
}

@INCOLLECTION{reed04,
author = {Christopher Reed and Benjamin Geisler},
title = {{Jumping, Climbing, and Tactical Reasoning: How to Get More Out of a Navigation System}},
booktitle = {AI Game Programming Wisdom 2},
publisher = {Charles River Media},
year = {2004},
editor = {Steve Rabin},
pages = {141--150}
}

@INCOLLECTION{snook00,
author = {Greg Snook},
title = {{Simplified 3D Movement and Pathfinding Using Navigation Meshes}},
booktitle = {Game Programming Gems},
publisher = {Charles River Media},
year = {2000},
editor = {Mark DeLoura},
pages = {288--304}
}

@INCOLLECTION{tozour02,
author = {Paul Tozour},
title = {{Building a Near-Optimal Navigation Mesh}},
booktitle = {AI Game Programming Wisdom},
publisher = {Charles River Media},
year = {2002},
editor = {Steve Rabin},
pages = {171--185}
}

@INCOLLECTION{tozour04,
author = {Paul Tozour},
title = {{Search Space Representations}},
booktitle = {AI Game Programming Wisdom 2},
publisher = {Charles River Media},
year = {2004},
editor = {Steve Rabin},
pages = {85--102}
}

@INPROCEEDINGS{vantoll11,
author = {Wouter G van Toll and Atlas F Cook IV and Roland Geraerts},
title = {{Navigation Meshes for Realistic Multi-Layered Environments}},
booktitle = {Proceedings of the IEEE/RSJ International Conference on Intelligent Robots and Systems (IROS)},
year = {2011},
pages = {3526--3532},
address = {San Francisco, California, USA}
}

@ARTICLE{vantoll12,
author = {Wouter G van Toll and Atlas F Cook IV and Roland Geraerts},
title = {{A navigation mesh for dynamic environments}},
journal = {Computer Animation and Virtual Worlds},
year = {2012},
volume = {23},
pages = {535--546}
}

@INPROCEEDINGS{wein05,
author = {Ron Wein and Jur P van den Berg and Dan Halperin},
title = {{The Visibility-Voronoi Complex and its Applications}},
booktitle = {Proceedings of the 21st European Workshop on Computational Geometry},
year = {2005},
pages = {151--154}
}

@INCOLLECTION{white02,
author = {Stephen White and Christopher Christensen},
title = {{A Fast Approach to Navigation Meshes}},
booktitle = {Game Programming Gems 3},
publisher = {Charles River Media},
year = {2002},
editor = {Dante Treglia},
pages = {307--320}
}